<?xml version="1.0" encoding="UTF-8"?>
<marc:record xmlns:marc="http://www.loc.gov/MARC21/slim" xmlns:xsi="http://www.w3.org/2001/XMLSchema-instance" xsi:schemaLocation="http://www.loc.gov/standards/marcxml/schema/MARC21slim.xsd">
  <marc:leader>00000ndm a2200000 u 4500</marc:leader>
  <marc:controlfield tag="001">300237609</marc:controlfield>
  <marc:controlfield tag="003">DE-633</marc:controlfield>
  <marc:controlfield tag="005">20201029163714.0</marc:controlfield>
  <marc:datafield tag="031" ind1=" " ind2=" ">
    <marc:subfield code="a">1</marc:subfield>
    <marc:subfield code="b">1</marc:subfield>
    <marc:subfield code="c">1</marc:subfield>
    <marc:subfield code="d">Kyrie</marc:subfield>
    <marc:subfield code="d">Allegro</marc:subfield>
    <marc:subfield code="g">G-2</marc:subfield>
    <marc:subfield code="m">S</marc:subfield>
    <marc:subfield code="n">xFC</marc:subfield>
    <marc:subfield code="o">2/4</marc:subfield>
    <marc:subfield code="p">''4.D{6EC}/{8DGFE}/4.D{6EC}/{8DBAG}/4F{6EDC'B}/4AG/F-/</marc:subfield>
    <marc:subfield code="r">D</marc:subfield>
    <marc:subfield code="2">pe</marc:subfield>
  </marc:datafield>
  <marc:datafield tag="031" ind1=" " ind2=" ">
    <marc:subfield code="a">1</marc:subfield>
    <marc:subfield code="b">1</marc:subfield>
    <marc:subfield code="c">2</marc:subfield>
    <marc:subfield code="g">C-1</marc:subfield>
    <marc:subfield code="m">Coro S</marc:subfield>
    <marc:subfield code="n">xFC</marc:subfield>
    <marc:subfield code="o">2/4</marc:subfield>
    <marc:subfield code="p">''4.D{6EC}/8D{GFE}/4.D{6EC}/{8DBAG}/4F{6EDC'B}/4AG/F-/</marc:subfield>
    <marc:subfield code="r">D</marc:subfield>
    <marc:subfield code="t">Kyrie eleison</marc:subfield>
    <marc:subfield code="2">pe</marc:subfield>
  </marc:datafield>
  <marc:datafield tag="031" ind1=" " ind2=" ">
    <marc:subfield code="a">1</marc:subfield>
    <marc:subfield code="b">2</marc:subfield>
    <marc:subfield code="c">1</marc:subfield>
    <marc:subfield code="d">Christe</marc:subfield>
    <marc:subfield code="d">Andante</marc:subfield>
    <marc:subfield code="g">G-2</marc:subfield>
    <marc:subfield code="m">vl 1</marc:subfield>
    <marc:subfield code="n">xFCG</marc:subfield>
    <marc:subfield code="o">3/8</marc:subfield>
    <marc:subfield code="p">8{'AAA}/q''C{'6B3AB}8A-/8{''CCC}/qE6{D3CD}8C-/</marc:subfield>
    <marc:subfield code="q">[pl-text: na końcu części uwaga: "Kyrie Da Capo."]</marc:subfield>
    <marc:subfield code="r">A</marc:subfield>
    <marc:subfield code="2">pe</marc:subfield>
  </marc:datafield>
  <marc:datafield tag="031" ind1=" " ind2=" ">
    <marc:subfield code="a">1</marc:subfield>
    <marc:subfield code="b">2</marc:subfield>
    <marc:subfield code="c">2</marc:subfield>
    <marc:subfield code="g">C-1</marc:subfield>
    <marc:subfield code="m">S</marc:subfield>
    <marc:subfield code="n">xFCG</marc:subfield>
    <marc:subfield code="o">3/8</marc:subfield>
    <marc:subfield code="p">=13/8'AAA/q''C{'6B3AB}8A-/8''CCC/qE6{D3CD}8C-/</marc:subfield>
    <marc:subfield code="r">A</marc:subfield>
    <marc:subfield code="t">Christe eleison</marc:subfield>
    <marc:subfield code="2">pe</marc:subfield>
  </marc:datafield>
  <marc:datafield tag="031" ind1=" " ind2=" ">
    <marc:subfield code="a">1</marc:subfield>
    <marc:subfield code="b">3</marc:subfield>
    <marc:subfield code="c">1</marc:subfield>
    <marc:subfield code="d">Gloria</marc:subfield>
    <marc:subfield code="d">Allegro</marc:subfield>
    <marc:subfield code="g">G-2</marc:subfield>
    <marc:subfield code="m">vl 1</marc:subfield>
    <marc:subfield code="n">xFC</marc:subfield>
    <marc:subfield code="o">c</marc:subfield>
    <marc:subfield code="p">4''F-F-/F{8D6EF}{GAB'''C}/8D-C-''B-A-/B-A-G-F-/</marc:subfield>
    <marc:subfield code="r">D</marc:subfield>
    <marc:subfield code="2">pe</marc:subfield>
  </marc:datafield>
  <marc:datafield tag="031" ind1=" " ind2=" ">
    <marc:subfield code="a">1</marc:subfield>
    <marc:subfield code="b">3</marc:subfield>
    <marc:subfield code="c">2</marc:subfield>
    <marc:subfield code="g">C-1</marc:subfield>
    <marc:subfield code="m">Coro S</marc:subfield>
    <marc:subfield code="n">xFC</marc:subfield>
    <marc:subfield code="o">c</marc:subfield>
    <marc:subfield code="p">2''DD/D-/=2/4CCCC/DD2-/=2/4CCCC/D</marc:subfield>
    <marc:subfield code="r">D</marc:subfield>
    <marc:subfield code="t">Gloria, in excelsis Deo et in terra pax</marc:subfield>
    <marc:subfield code="2">pe</marc:subfield>
  </marc:datafield>
  <marc:datafield tag="031" ind1=" " ind2=" ">
    <marc:subfield code="a">1</marc:subfield>
    <marc:subfield code="b">4</marc:subfield>
    <marc:subfield code="c">1</marc:subfield>
    <marc:subfield code="d">Credo</marc:subfield>
    <marc:subfield code="d">Allegro</marc:subfield>
    <marc:subfield code="g">G-2</marc:subfield>
    <marc:subfield code="m">vl 1</marc:subfield>
    <marc:subfield code="n">xFC</marc:subfield>
    <marc:subfield code="o">3/4</marc:subfield>
    <marc:subfield code="p">4'D--/8{D6FE}{8DEFG}/4A--/{8A6''C'B}{8AB''C'A}/4''D'DA/</marc:subfield>
    <marc:subfield code="r">D</marc:subfield>
    <marc:subfield code="2">pe</marc:subfield>
  </marc:datafield>
  <marc:datafield tag="031" ind1=" " ind2=" ">
    <marc:subfield code="a">1</marc:subfield>
    <marc:subfield code="b">4</marc:subfield>
    <marc:subfield code="c">2</marc:subfield>
    <marc:subfield code="g">C-1</marc:subfield>
    <marc:subfield code="m">Coro S</marc:subfield>
    <marc:subfield code="n">xFC</marc:subfield>
    <marc:subfield code="o">3/4</marc:subfield>
    <marc:subfield code="p">4''D8DDDD/4DD-/4C8CCCC/4CC-/</marc:subfield>
    <marc:subfield code="r">D</marc:subfield>
    <marc:subfield code="t">Credo, in unum Deum patrem omnipotentem</marc:subfield>
    <marc:subfield code="2">pe</marc:subfield>
  </marc:datafield>
  <marc:datafield tag="031" ind1=" " ind2=" ">
    <marc:subfield code="a">1</marc:subfield>
    <marc:subfield code="b">5</marc:subfield>
    <marc:subfield code="c">1</marc:subfield>
    <marc:subfield code="d">Sanctus</marc:subfield>
    <marc:subfield code="d">Adagio</marc:subfield>
    <marc:subfield code="g">G-2</marc:subfield>
    <marc:subfield code="m">vl 1</marc:subfield>
    <marc:subfield code="n">xF</marc:subfield>
    <marc:subfield code="o">c</marc:subfield>
    <marc:subfield code="p">4'G8{AG}{''C'B}4-/4B8{''C'B}{''DC}4-/{8C6AG}{FEDC}{8'B6''BA}{GFED}/</marc:subfield>
    <marc:subfield code="r">G</marc:subfield>
    <marc:subfield code="2">pe</marc:subfield>
  </marc:datafield>
  <marc:datafield tag="031" ind1=" " ind2=" ">
    <marc:subfield code="a">1</marc:subfield>
    <marc:subfield code="b">5</marc:subfield>
    <marc:subfield code="c">2</marc:subfield>
    <marc:subfield code="g">C-1</marc:subfield>
    <marc:subfield code="m">Coro S</marc:subfield>
    <marc:subfield code="n">xF</marc:subfield>
    <marc:subfield code="o">c</marc:subfield>
    <marc:subfield code="p">8'GG4-2-/8BB4-2-/''4CC8.'B6B4B/''CC4.'B8B/A-4-2-/</marc:subfield>
    <marc:subfield code="r">G</marc:subfield>
    <marc:subfield code="t">Sanctus, Dominus Deus Sabaoth</marc:subfield>
    <marc:subfield code="2">pe</marc:subfield>
  </marc:datafield>
  <marc:datafield tag="031" ind1=" " ind2=" ">
    <marc:subfield code="a">1</marc:subfield>
    <marc:subfield code="b">6</marc:subfield>
    <marc:subfield code="c">1</marc:subfield>
    <marc:subfield code="d">Benedictus</marc:subfield>
    <marc:subfield code="d">Andante</marc:subfield>
    <marc:subfield code="g">G-2</marc:subfield>
    <marc:subfield code="m">vl 1</marc:subfield>
    <marc:subfield code="n">xFCG</marc:subfield>
    <marc:subfield code="o">3/8</marc:subfield>
    <marc:subfield code="p">{6'A3B''C}{8'BA}/{6''C3DE}{8DC}/{3EC'BA}{8.''A6nG}/8{FE}-/</marc:subfield>
    <marc:subfield code="r">A</marc:subfield>
    <marc:subfield code="2">pe</marc:subfield>
  </marc:datafield>
  <marc:datafield tag="031" ind1=" " ind2=" ">
    <marc:subfield code="a">1</marc:subfield>
    <marc:subfield code="b">6</marc:subfield>
    <marc:subfield code="c">2</marc:subfield>
    <marc:subfield code="g">C-1</marc:subfield>
    <marc:subfield code="m">Coro S</marc:subfield>
    <marc:subfield code="n">xFCG</marc:subfield>
    <marc:subfield code="o">3/8</marc:subfield>
    <marc:subfield code="p">=14/{6'A3B''C}8'BA/{6''C3DE}8DC/{3EC'BA}8.''A6nG/</marc:subfield>
    <marc:subfield code="r">A</marc:subfield>
    <marc:subfield code="t">Benedictus, qui venit in nomine Domini hosanna in excelsis</marc:subfield>
    <marc:subfield code="2">pe</marc:subfield>
  </marc:datafield>
  <marc:datafield tag="031" ind1=" " ind2=" ">
    <marc:subfield code="a">1</marc:subfield>
    <marc:subfield code="b">7</marc:subfield>
    <marc:subfield code="c">1</marc:subfield>
    <marc:subfield code="d">Agnus</marc:subfield>
    <marc:subfield code="d">Andante</marc:subfield>
    <marc:subfield code="g">G-2</marc:subfield>
    <marc:subfield code="m">vl 1</marc:subfield>
    <marc:subfield code="n">xF</marc:subfield>
    <marc:subfield code="o">3/4</marc:subfield>
    <marc:subfield code="p">8{''DDDDDD}/{DC}4C-/{8CCCCCC}/{C'B}4B8-B/6{AxGBA}{''C'B''DC}{EDC'B}/</marc:subfield>
    <marc:subfield code="r">G</marc:subfield>
    <marc:subfield code="2">pe</marc:subfield>
  </marc:datafield>
  <marc:datafield tag="031" ind1=" " ind2=" ">
    <marc:subfield code="a">1</marc:subfield>
    <marc:subfield code="b">7</marc:subfield>
    <marc:subfield code="c">2</marc:subfield>
    <marc:subfield code="g">C-1</marc:subfield>
    <marc:subfield code="m">Coro S</marc:subfield>
    <marc:subfield code="n">xF</marc:subfield>
    <marc:subfield code="o">3/4</marc:subfield>
    <marc:subfield code="p">2''D4D/6{DC}4C-}/2C4C/8{C'B}4B8-B/4AAA/AA</marc:subfield>
    <marc:subfield code="r">G</marc:subfield>
    <marc:subfield code="t">Agnus Dei, qui tollis peccata mundi miserere nobis</marc:subfield>
    <marc:subfield code="2">pe</marc:subfield>
  </marc:datafield>
  <marc:datafield tag="031" ind1=" " ind2=" ">
    <marc:subfield code="a">1</marc:subfield>
    <marc:subfield code="b">8</marc:subfield>
    <marc:subfield code="c">1</marc:subfield>
    <marc:subfield code="d">Dona</marc:subfield>
    <marc:subfield code="d">[Andante]</marc:subfield>
    <marc:subfield code="o">2/4</marc:subfield>
    <marc:subfield code="q">[pl-text: Zamiast zapisu nutowego w głosach adnotacja: "Dona ut Kyrie"]</marc:subfield>
    <marc:subfield code="r">D</marc:subfield>
    <marc:subfield code="t">Dona nobis pacem</marc:subfield>
    <marc:subfield code="2">pe</marc:subfield>
  </marc:datafield>
  <marc:datafield tag="040" ind1=" " ind2=" ">
    <marc:subfield code="a">DE-633</marc:subfield>
    <marc:subfield code="b">eng</marc:subfield>
  </marc:datafield>
  <marc:datafield tag="041" ind1="0" ind2=" ">
    <marc:subfield code="a">lat</marc:subfield>
  </marc:datafield>
  <marc:datafield tag="100" ind1="1" ind2=" ">
    <marc:subfield code="a">Bolehovský, Josef</marc:subfield>
    <marc:subfield code="d">1743-1811</marc:subfield>
    <marc:subfield code="j">Ascertained</marc:subfield>
    <marc:subfield code="0">pe30000404</marc:subfield>
  </marc:datafield>
  <marc:datafield tag="240" ind1="1" ind2="0">
    <marc:subfield code="a">Masses</marc:subfield>
    <marc:subfield code="m">V (X), Coro, orch, bc</marc:subfield>
    <marc:subfield code="r">D</marc:subfield>
    <marc:subfield code="0">3900051</marc:subfield>
  </marc:datafield>
  <marc:datafield tag="245" ind1="1" ind2="0">
    <marc:subfield code="a">[cover title:] Missa Pasto: in D | a | 4. Vocibus. | 2. Violini. | 2. Corni | Prinzipale &amp; Timpano | con | Organo | Sig: Bolechowsky. | Kautny [manu propria]</marc:subfield>
  </marc:datafield>
  <marc:datafield tag="260" ind1=" " ind2=" ">
    <marc:subfield code="c">1821</marc:subfield>
    <marc:subfield code="8">01</marc:subfield>
  </marc:datafield>
  <marc:datafield tag="300" ind1=" " ind2=" ">
    <marc:subfield code="a">12 parts</marc:subfield>
    <marc:subfield code="c">Different sizes</marc:subfield>
    <marc:subfield code="8">01</marc:subfield>
  </marc:datafield>
  <marc:datafield tag="500" ind1=" " ind2=" ">
    <marc:subfield code="a">[pl-text: wymiary okładki 38,5 x 25 cm; znaki wodne: f. 1 "J HELLER"; f. 2 "[Nałęcz coat of arms] B &amp; B"]</marc:subfield>
    <marc:subfield code="8">01</marc:subfield>
  </marc:datafield>
  <marc:datafield tag="500" ind1=" " ind2=" ">
    <marc:subfield code="a">[pl-text: wymiary głosów chóralnych i org: 38,5 x 25 cm; znak wodny "[coat of arms (Hungarian, crowned)] / J HELLER"]</marc:subfield>
    <marc:subfield code="8">01</marc:subfield>
  </marc:datafield>
  <marc:datafield tag="500" ind1=" " ind2=" ">
    <marc:subfield code="a">[pl-text: wymiary głosu vl 1, cl 1, 2, clno princ, cor 1 and 2: 38 x 24 cm; znak wodny na vl 1 "[coat of arms (Hungarian, crowned)] / [without countermark]"; na cl 2, cor 1 and 2 "[coat of arms (Hungarian, crowned)]"; na cl 1, clno princ brak znaku wodnego]</marc:subfield>
    <marc:subfield code="8">01</marc:subfield>
  </marc:datafield>
  <marc:datafield tag="500" ind1=" " ind2=" ">
    <marc:subfield code="a">[pl-text: wymiary głosu vl 2: 38,5 x 24 cm; znak wodny "[coat of arms (Hungarian, crowned)] / G V"]</marc:subfield>
    <marc:subfield code="8">01</marc:subfield>
  </marc:datafield>
  <marc:datafield tag="500" ind1=" " ind2=" ">
    <marc:subfield code="a">[pl-text: wymiary głosu timp: 37 x 23 cm; znak wodny: "[partial:] [eagle]"]</marc:subfield>
    <marc:subfield code="8">01</marc:subfield>
  </marc:datafield>
  <marc:datafield tag="500" ind1=" " ind2=" ">
    <marc:subfield code="a">[pl-text: Dawne sygnatury na f. 1r okładki: na górze po lewej czarnym atramentem "212"; niżej po prawej ołówkiem ręką nieznanego Paulina "N-|o 8"; późniejsza niżej czerwonym atramentem ręka F. Maletza "N 1/500"]</marc:subfield>
  </marc:datafield>
  <marc:datafield tag="500" ind1=" " ind2=" ">
    <marc:subfield code="a">[pl-text: Okrągły stempel "* ARCHIVUM * C.M.C." na f. 1r i 2v okładki, na f. 1r głosu Coro A oraz na ostatniej stronie głosów: Coro S, T, B, vl 1, 2, clno princ, cor, timp, org]</marc:subfield>
  </marc:datafield>
  <marc:datafield tag="500" ind1=" " ind2=" ">
    <marc:subfield code="a">[pl-text: tytuł na f. 1r okładki przekreślony czerwonym ołówkiem i opatrzony parafą]</marc:subfield>
  </marc:datafield>
  <marc:datafield tag="500" ind1=" " ind2=" ">
    <marc:subfield code="a">[pl-text: Na vl 2 f. 2v pod zapisem nutowym z prawej czarnym atramentem ręką kopisty: "Johann Ludwig | den 1|t|e|n Jänner [manu propria] 1821"]</marc:subfield>
  </marc:datafield>
  <marc:datafield tag="500" ind1=" " ind2=" ">
    <marc:subfield code="a">[pl-text: Na głosie clno princ f. 1r na dole po prawej czarnym atramentem ręką kopisty data: "[1]821"]</marc:subfield>
  </marc:datafield>
  <marc:datafield tag="500" ind1=" " ind2=" ">
    <marc:subfield code="a">[pl-text: Na głosie timp f. 1r pod tekstem nutowym z prawej czarnym tuszem ręką kopisty: "D[escripsit] J[ohann]"]</marc:subfield>
  </marc:datafield>
  <marc:datafield tag="500" ind1=" " ind2=" ">
    <marc:subfield code="a">[pl-text: Odcinki solowe w głosach chóralnych oraz vl 1, cl 1, org]</marc:subfield>
  </marc:datafield>
  <marc:datafield tag="500" ind1=" " ind2=" ">
    <marc:subfield code="a">[pl-text: Proweniencja na podstawie PodejkoK 1992]</marc:subfield>
  </marc:datafield>
  <marc:datafield tag="500" ind1=" " ind2=" ">
    <marc:subfield code="a">[pl-text: W MaletzC 1898 utwór wpisany pod numerem 501]</marc:subfield>
  </marc:datafield>
  <marc:datafield tag="563" ind1=" " ind2=" ">
    <marc:subfield code="a">[pl-text: głosy przechowywane w papierowej okładce w kolorze białym; karta tytułowa na f. 1r; wzdłuż brzegów f. 1r i grzbietu pasek ozdobnego papieru w kolorze fioletowym w czarny roślinny wzór, naderwany przy górnej krawędzi w miejscu dawnej sygnatury; wnętrze wzmocnione fragmentem rękopisu muzycznego z zapisem głosu instrumentalnego w kluczu wiolinowym i częściami mszy]</marc:subfield>
    <marc:subfield code="8">01</marc:subfield>
  </marc:datafield>
  <marc:datafield tag="590" ind1=" " ind2=" ">
    <marc:subfield code="a">Solo and Coro: S, A, T, B</marc:subfield>
    <marc:subfield code="b">2, 2, 2, 2 f.</marc:subfield>
    <marc:subfield code="8">01</marc:subfield>
  </marc:datafield>
  <marc:datafield tag="590" ind1=" " ind2=" ">
    <marc:subfield code="a">vl 1, 2</marc:subfield>
    <marc:subfield code="b">3, 2 f.</marc:subfield>
    <marc:subfield code="8">01</marc:subfield>
  </marc:datafield>
  <marc:datafield tag="590" ind1=" " ind2=" ">
    <marc:subfield code="a">org (= bc)</marc:subfield>
    <marc:subfield code="b">2 f.</marc:subfield>
    <marc:subfield code="8">01</marc:subfield>
  </marc:datafield>
  <marc:datafield tag="590" ind1=" " ind2=" ">
    <marc:subfield code="a">cl 1, 2</marc:subfield>
    <marc:subfield code="b">1, 1 f.</marc:subfield>
    <marc:subfield code="8">01</marc:subfield>
  </marc:datafield>
  <marc:datafield tag="590" ind1=" " ind2=" ">
    <marc:subfield code="a">cor 1 and 2 in D, clno princ in D</marc:subfield>
    <marc:subfield code="b">1, 1 f.</marc:subfield>
    <marc:subfield code="8">01</marc:subfield>
  </marc:datafield>
  <marc:datafield tag="590" ind1=" " ind2=" ">
    <marc:subfield code="a">timp in D</marc:subfield>
    <marc:subfield code="b">1 f.</marc:subfield>
    <marc:subfield code="8">01</marc:subfield>
  </marc:datafield>
  <marc:datafield tag="592" ind1=" " ind2=" ">
    <marc:subfield code="a">J HELLER</marc:subfield>
    <marc:subfield code="8">01</marc:subfield>
  </marc:datafield>
  <marc:datafield tag="592" ind1=" " ind2=" ">
    <marc:subfield code="a">[coat of arms (Nałęcz)] B &amp; B</marc:subfield>
    <marc:subfield code="8">01</marc:subfield>
  </marc:datafield>
  <marc:datafield tag="592" ind1=" " ind2=" ">
    <marc:subfield code="a">[coat of arms (Hungarian, crowned)] / [without countermark]</marc:subfield>
    <marc:subfield code="8">01</marc:subfield>
  </marc:datafield>
  <marc:datafield tag="592" ind1=" " ind2=" ">
    <marc:subfield code="a">[coat of arms (Hungarian, crowned)]</marc:subfield>
    <marc:subfield code="8">01</marc:subfield>
  </marc:datafield>
  <marc:datafield tag="592" ind1=" " ind2=" ">
    <marc:subfield code="a">[coat of arms (Hungarian, crowned)] / G V</marc:subfield>
    <marc:subfield code="8">01</marc:subfield>
  </marc:datafield>
  <marc:datafield tag="592" ind1=" " ind2=" ">
    <marc:subfield code="a">[partial:] [eagle]</marc:subfield>
    <marc:subfield code="8">01</marc:subfield>
  </marc:datafield>
  <marc:datafield tag="593" ind1=" " ind2=" ">
    <marc:subfield code="a">Manuscript copy</marc:subfield>
    <marc:subfield code="8">01</marc:subfield>
  </marc:datafield>
  <marc:datafield tag="594" ind1=" " ind2=" ">
    <marc:subfield code="b">S</marc:subfield>
    <marc:subfield code="c">1</marc:subfield>
  </marc:datafield>
  <marc:datafield tag="594" ind1=" " ind2=" ">
    <marc:subfield code="b">A</marc:subfield>
    <marc:subfield code="c">1</marc:subfield>
  </marc:datafield>
  <marc:datafield tag="594" ind1=" " ind2=" ">
    <marc:subfield code="b">T</marc:subfield>
    <marc:subfield code="c">1</marc:subfield>
  </marc:datafield>
  <marc:datafield tag="594" ind1=" " ind2=" ">
    <marc:subfield code="b">B</marc:subfield>
    <marc:subfield code="c">1</marc:subfield>
  </marc:datafield>
  <marc:datafield tag="594" ind1=" " ind2=" ">
    <marc:subfield code="b">Coro S</marc:subfield>
    <marc:subfield code="c">1</marc:subfield>
  </marc:datafield>
  <marc:datafield tag="594" ind1=" " ind2=" ">
    <marc:subfield code="b">Coro A</marc:subfield>
    <marc:subfield code="c">1</marc:subfield>
  </marc:datafield>
  <marc:datafield tag="594" ind1=" " ind2=" ">
    <marc:subfield code="b">Coro T</marc:subfield>
    <marc:subfield code="c">1</marc:subfield>
  </marc:datafield>
  <marc:datafield tag="594" ind1=" " ind2=" ">
    <marc:subfield code="b">Coro B</marc:subfield>
    <marc:subfield code="c">1</marc:subfield>
  </marc:datafield>
  <marc:datafield tag="594" ind1=" " ind2=" ">
    <marc:subfield code="b">vl</marc:subfield>
    <marc:subfield code="c">2</marc:subfield>
  </marc:datafield>
  <marc:datafield tag="594" ind1=" " ind2=" ">
    <marc:subfield code="b">cl</marc:subfield>
    <marc:subfield code="c">2</marc:subfield>
  </marc:datafield>
  <marc:datafield tag="594" ind1=" " ind2=" ">
    <marc:subfield code="b">cor in D</marc:subfield>
    <marc:subfield code="c">2</marc:subfield>
  </marc:datafield>
  <marc:datafield tag="594" ind1=" " ind2=" ">
    <marc:subfield code="b">clno princ in D</marc:subfield>
    <marc:subfield code="c">1</marc:subfield>
  </marc:datafield>
  <marc:datafield tag="594" ind1=" " ind2=" ">
    <marc:subfield code="b">timp in D</marc:subfield>
    <marc:subfield code="c">1</marc:subfield>
  </marc:datafield>
  <marc:datafield tag="594" ind1=" " ind2=" ">
    <marc:subfield code="b">org</marc:subfield>
    <marc:subfield code="c">1</marc:subfield>
  </marc:datafield>
  <marc:datafield tag="594" ind1=" " ind2=" ">
    <marc:subfield code="a">S, A, T, B, Coro S, Coro A, Coro T, Coro B, vl (2), cl (2), cor in D (2), clno princ in D, timp in D, org</marc:subfield>
  </marc:datafield>
  <marc:datafield tag="599" ind1=" " ind2=" ">
    <marc:subfield code="b">full</marc:subfield>
  </marc:datafield>
  <marc:datafield tag="650" ind1="0" ind2="7">
    <marc:subfield code="a">Masses</marc:subfield>
    <marc:subfield code="0">25133</marc:subfield>
  </marc:datafield>
  <marc:datafield tag="691" ind1=" " ind2="7">
    <marc:subfield code="a">PodejkoK 1992</marc:subfield>
    <marc:subfield code="n">no. 86</marc:subfield>
    <marc:subfield code="0">lit1869</marc:subfield>
  </marc:datafield>
  <marc:datafield tag="691" ind1=" " ind2="7">
    <marc:subfield code="a">MaletzC 1898</marc:subfield>
    <marc:subfield code="n">p. 13, no. 501</marc:subfield>
    <marc:subfield code="0">lit1887</marc:subfield>
  </marc:datafield>
  <marc:datafield tag="700" ind1="1" ind2=" ">
    <marc:subfield code="a">Kautny, František</marc:subfield>
    <marc:subfield code="d">18/19</marc:subfield>
    <marc:subfield code="j">Ascertained</marc:subfield>
    <marc:subfield code="0">pe30040499</marc:subfield>
    <marc:subfield code="4">fmo</marc:subfield>
  </marc:datafield>
  <marc:datafield tag="700" ind1="1" ind2=" ">
    <marc:subfield code="a">Maletz, Franciszek</marc:subfield>
    <marc:subfield code="d">19/20</marc:subfield>
    <marc:subfield code="j">Ascertained</marc:subfield>
    <marc:subfield code="0">pe30040567</marc:subfield>
    <marc:subfield code="4">oth</marc:subfield>
  </marc:datafield>
  <marc:datafield tag="700" ind1="1" ind2=" ">
    <marc:subfield code="a">Ludwig, Johann</marc:subfield>
    <marc:subfield code="d">19.sc</marc:subfield>
    <marc:subfield code="0">pe30040856</marc:subfield>
    <marc:subfield code="4">scr</marc:subfield>
    <marc:subfield code="8">01</marc:subfield>
  </marc:datafield>
  <marc:datafield tag="710" ind1="2" ind2=" ">
    <marc:subfield code="a">Chorus Neorosinoviensis</marc:subfield>
    <marc:subfield code="g">Conjectural</marc:subfield>
    <marc:subfield code="0">ks30019079</marc:subfield>
    <marc:subfield code="4">fmo</marc:subfield>
  </marc:datafield>
  <marc:datafield tag="852" ind1=" " ind2=" ">
    <marc:subfield code="a">PL-CZ</marc:subfield>
    <marc:subfield code="d">212</marc:subfield>
    <marc:subfield code="d">N-|o 8</marc:subfield>
    <marc:subfield code="d">N 1/500</marc:subfield>
    <marc:subfield code="e">Klasztor OO. Paulinów Jasna Góra - Biblioteka</marc:subfield>
    <marc:subfield code="x">ks30002070</marc:subfield>
    <marc:subfield code="c">III-33</marc:subfield>
    <marc:subfield code="p"/>
    <marc:subfield code="q"/>
    <marc:subfield code="u"/>
    <marc:subfield code="z"/>
  </marc:datafield>
  <marc:datafield tag="980" ind1=" " ind2=" ">
    <marc:subfield code="a">RISM</marc:subfield>
    <marc:subfield code="c">examined</marc:subfield>
  </marc:datafield>
</marc:record>
